%YAML 1.1
%TAG !u! tag:unity3d.com,2011:
--- !u!114 &535489715219031857
MonoBehaviour:
  m_ObjectHideFlags: 0
  m_CorrespondingSourceObject: {fileID: 0}
  m_PrefabInstance: {fileID: 0}
  m_PrefabAsset: {fileID: 0}
  m_GameObject: {fileID: 1072233388511645607}
  m_Enabled: 1
  m_EditorHideFlags: 0
  m_Script: {fileID: 11500000, guid: c59231b4817876d4eb515e2a50eb9b61, type: 3}
  m_Name: 
  m_EditorClassIdentifier: 
  shootingSfx:
  - {fileID: 8300000, guid: 355b088152626964cbd3de68c6936795, type: 3}
  reloadSfx:
  - {fileID: 8300000, guid: 6f668af43f1709047aab8633cdd375bb, type: 3}
--- !u!1 &6597219132281106211
GameObject:
  m_ObjectHideFlags: 0
  m_CorrespondingSourceObject: {fileID: 0}
  m_PrefabInstance: {fileID: 0}
  m_PrefabAsset: {fileID: 0}
  serializedVersion: 6
  m_Component:
  - component: {fileID: 6597219132281106210}
  - component: {fileID: 6597219132281106215}
  - component: {fileID: 6597219132281106212}
  - component: {fileID: 6597219132281106213}
  - component: {fileID: 3758061994906973494}
  - component: {fileID: 6597219132281106214}
  - component: {fileID: 6043231114858759006}
  m_Layer: 0
  m_Name: Shotgun
  m_TagString: Team2
  m_Icon: {fileID: 0}
  m_NavMeshLayer: 0
  m_StaticEditorFlags: 0
  m_IsActive: 1
--- !u!4 &6597219132281106210
Transform:
  m_ObjectHideFlags: 0
  m_CorrespondingSourceObject: {fileID: 0}
  m_PrefabInstance: {fileID: 0}
  m_PrefabAsset: {fileID: 0}
  m_GameObject: {fileID: 6597219132281106211}
  m_LocalRotation: {x: -0, y: -0, z: -0, w: 1}
  m_LocalPosition: {x: -2.5, y: 1.2, z: -0.099999905}
  m_LocalScale: {x: 0.90000004, y: 0.75, z: 0.90000004}
  m_Children:
  - {fileID: 1105159196404224319}
  - {fileID: 8893351424361133789}
  m_Father: {fileID: 0}
  m_RootOrder: 0
  m_LocalEulerAnglesHint: {x: 0, y: 0, z: 0}
--- !u!33 &6597219132281106215
MeshFilter:
  m_ObjectHideFlags: 0
  m_CorrespondingSourceObject: {fileID: 0}
  m_PrefabInstance: {fileID: 0}
  m_PrefabAsset: {fileID: 0}
  m_GameObject: {fileID: 6597219132281106211}
  m_Mesh: {fileID: 10208, guid: 0000000000000000e000000000000000, type: 0}
--- !u!23 &6597219132281106212
MeshRenderer:
  m_ObjectHideFlags: 0
  m_CorrespondingSourceObject: {fileID: 0}
  m_PrefabInstance: {fileID: 0}
  m_PrefabAsset: {fileID: 0}
  m_GameObject: {fileID: 6597219132281106211}
  m_Enabled: 0
  m_CastShadows: 1
  m_ReceiveShadows: 1
  m_DynamicOccludee: 1
  m_MotionVectors: 1
  m_LightProbeUsage: 1
  m_ReflectionProbeUsage: 1
  m_RenderingLayerMask: 1
  m_RendererPriority: 0
  m_Materials:
  - {fileID: 2100000, guid: 09f267a0b21a76b4c91614922a7298da, type: 2}
  m_StaticBatchInfo:
    firstSubMesh: 0
    subMeshCount: 0
  m_StaticBatchRoot: {fileID: 0}
  m_ProbeAnchor: {fileID: 0}
  m_LightProbeVolumeOverride: {fileID: 0}
  m_ScaleInLightmap: 1
  m_ReceiveGI: 1
  m_PreserveUVs: 0
  m_IgnoreNormalsForChartDetection: 0
  m_ImportantGI: 0
  m_StitchLightmapSeams: 1
  m_SelectedEditorRenderState: 3
  m_MinimumChartSize: 4
  m_AutoUVMaxDistance: 0.5
  m_AutoUVMaxAngle: 89
  m_LightmapParameters: {fileID: 0}
  m_SortingLayerID: 0
  m_SortingLayer: 0
  m_SortingOrder: 0
--- !u!136 &6597219132281106213
CapsuleCollider:
  m_ObjectHideFlags: 0
  m_CorrespondingSourceObject: {fileID: 0}
  m_PrefabInstance: {fileID: 0}
  m_PrefabAsset: {fileID: 0}
  m_GameObject: {fileID: 6597219132281106211}
  m_Material: {fileID: 0}
  m_IsTrigger: 0
  m_Enabled: 1
  m_Radius: 0.5
  m_Height: 2
  m_Direction: 1
  m_Center: {x: 0, y: 0, z: 0}
--- !u!114 &3758061994906973494
MonoBehaviour:
  m_ObjectHideFlags: 0
  m_CorrespondingSourceObject: {fileID: 0}
  m_PrefabInstance: {fileID: 0}
  m_PrefabAsset: {fileID: 0}
  m_GameObject: {fileID: 6597219132281106211}
  m_Enabled: 1
  m_EditorHideFlags: 0
  m_Script: {fileID: 11500000, guid: c064efa624e90473ebe6e4ff1a6887af, type: 3}
  m_Name: 
  m_EditorClassIdentifier: 
  weapon: {fileID: 535489715219031857}
  HitSound:
  - {fileID: 8300000, guid: 1a9cf16172c597c418b9fd56c0e5b231, type: 3}
  - {fileID: 8300000, guid: bd0038d6f78293345bf486b7ee43840f, type: 3}
  - {fileID: 8300000, guid: 93724ed38d9c2484ead7ee2c1c33cd49, type: 3}
  deathSFX: {fileID: 8300000, guid: e66f9557ef897384fa8a58dc19132f25, type: 3}
  enemyTag: 
  healthText: {fileID: 3382183502959995047}
  health: 12
  maxHealth: 12
  healthbar: {fileID: 5837435872550790933}
  range: 4
  damage: 10
  ChanceToHit: {fileID: 4721546089763608167}
  targetable: []
  shotted: 0
--- !u!114 &6597219132281106214
MonoBehaviour:
  m_ObjectHideFlags: 0
  m_CorrespondingSourceObject: {fileID: 0}
  m_PrefabInstance: {fileID: 0}
  m_PrefabAsset: {fileID: 0}
  m_GameObject: {fileID: 6597219132281106211}
  m_Enabled: 1
  m_EditorHideFlags: 0
  m_Script: {fileID: 11500000, guid: 731fa50c4a6b0e140aa0575268641b32, type: 3}
  m_Name: 
  m_EditorClassIdentifier: 
  moved: 0
  turn: 0
  callout: {fileID: 8300000, guid: 1e98eda63c59e034697844c201c5bbde, type: 3}
  moving: 0
  move: 7
  jumphight: 3
  moveSpeed: 2
  jumpVelocity: 4.5
--- !u!82 &6043231114858759006
AudioSource:
  m_ObjectHideFlags: 0
  m_CorrespondingSourceObject: {fileID: 0}
  m_PrefabInstance: {fileID: 0}
  m_PrefabAsset: {fileID: 0}
  m_GameObject: {fileID: 6597219132281106211}
  m_Enabled: 1
  serializedVersion: 4
  OutputAudioMixerGroup: {fileID: 0}
  m_audioClip: {fileID: 0}
  m_PlayOnAwake: 1
  m_Volume: 1
  m_Pitch: 1
  Loop: 0
  Mute: 0
  Spatialize: 0
  SpatializePostEffects: 0
  Priority: 128
  DopplerLevel: 1
  MinDistance: 1
  MaxDistance: 500
  Pan2D: 0
  rolloffMode: 0
  BypassEffects: 0
  BypassListenerEffects: 0
  BypassReverbZones: 0
  rolloffCustomCurve:
    serializedVersion: 2
    m_Curve:
    - serializedVersion: 3
      time: 0
      value: 1
      inSlope: 0
      outSlope: 0
      tangentMode: 0
      weightedMode: 0
      inWeight: 0.33333334
      outWeight: 0.33333334
    - serializedVersion: 3
      time: 1
      value: 0
      inSlope: 0
      outSlope: 0
      tangentMode: 0
      weightedMode: 0
      inWeight: 0.33333334
      outWeight: 0.33333334
    m_PreInfinity: 2
    m_PostInfinity: 2
    m_RotationOrder: 4
  panLevelCustomCurve:
    serializedVersion: 2
    m_Curve:
    - serializedVersion: 3
      time: 0
      value: 0
      inSlope: 0
      outSlope: 0
      tangentMode: 0
      weightedMode: 0
      inWeight: 0.33333334
      outWeight: 0.33333334
    m_PreInfinity: 2
    m_PostInfinity: 2
    m_RotationOrder: 4
  spreadCustomCurve:
    serializedVersion: 2
    m_Curve:
    - serializedVersion: 3
      time: 0
      value: 0
      inSlope: 0
      outSlope: 0
      tangentMode: 0
      weightedMode: 0
      inWeight: 0.33333334
      outWeight: 0.33333334
    m_PreInfinity: 2
    m_PostInfinity: 2
    m_RotationOrder: 4
  reverbZoneMixCustomCurve:
    serializedVersion: 2
    m_Curve:
    - serializedVersion: 3
      time: 0
      value: 1
      inSlope: 0
      outSlope: 0
      tangentMode: 0
      weightedMode: 0
      inWeight: 0.33333334
      outWeight: 0.33333334
    m_PreInfinity: 2
    m_PostInfinity: 2
    m_RotationOrder: 4
--- !u!114 &626617924167269983
MonoBehaviour:
  m_ObjectHideFlags: 0
  m_CorrespondingSourceObject: {fileID: 0}
  m_PrefabInstance: {fileID: 0}
  m_PrefabAsset: {fileID: 0}
  m_GameObject: {fileID: 8892288530649822873}
  m_Enabled: 1
  m_EditorHideFlags: 0
  m_Script: {fileID: 11500000, guid: 0576ebee3a2fe184fb439c5bb3b25772, type: 3}
  m_Name: 
  m_EditorClassIdentifier: 
  animator: {fileID: 8806203825195159381}
  animationIndex: 0
  tacmove: {fileID: 6597219132281106214}
--- !u!1001 &5471468776230848152
PrefabInstance:
  m_ObjectHideFlags: 0
  serializedVersion: 2
  m_Modification:
    m_TransformParent: {fileID: 6597219132281106210}
    m_Modifications:
    - target: {fileID: 4951953754196776871, guid: ad42700b52a25426580727fabf679235,
        type: 3}
      propertyPath: m_LocalPosition.x
      value: 0
      objectReference: {fileID: 0}
    - target: {fileID: 4951953754196776871, guid: ad42700b52a25426580727fabf679235,
        type: 3}
      propertyPath: m_LocalPosition.y
      value: 0
      objectReference: {fileID: 0}
    - target: {fileID: 4951953754196776871, guid: ad42700b52a25426580727fabf679235,
        type: 3}
      propertyPath: m_LocalPosition.z
      value: 0
      objectReference: {fileID: 0}
    - target: {fileID: 4951953754196776871, guid: ad42700b52a25426580727fabf679235,
        type: 3}
      propertyPath: m_LocalRotation.x
      value: 0
      objectReference: {fileID: 0}
    - target: {fileID: 4951953754196776871, guid: ad42700b52a25426580727fabf679235,
        type: 3}
      propertyPath: m_LocalRotation.y
      value: 0
      objectReference: {fileID: 0}
    - target: {fileID: 4951953754196776871, guid: ad42700b52a25426580727fabf679235,
        type: 3}
      propertyPath: m_LocalRotation.z
      value: 0
      objectReference: {fileID: 0}
    - target: {fileID: 4951953754196776871, guid: ad42700b52a25426580727fabf679235,
        type: 3}
      propertyPath: m_LocalRotation.w
      value: 1
      objectReference: {fileID: 0}
    - target: {fileID: 4951953754196776871, guid: ad42700b52a25426580727fabf679235,
        type: 3}
      propertyPath: m_RootOrder
      value: 0
      objectReference: {fileID: 0}
    - target: {fileID: 4951953754196776871, guid: ad42700b52a25426580727fabf679235,
        type: 3}
      propertyPath: m_LocalEulerAnglesHint.x
      value: 0
      objectReference: {fileID: 0}
    - target: {fileID: 4951953754196776871, guid: ad42700b52a25426580727fabf679235,
        type: 3}
      propertyPath: m_LocalEulerAnglesHint.y
      value: 0
      objectReference: {fileID: 0}
    - target: {fileID: 4951953754196776871, guid: ad42700b52a25426580727fabf679235,
        type: 3}
      propertyPath: m_LocalEulerAnglesHint.z
      value: 0
      objectReference: {fileID: 0}
    - target: {fileID: 4951953754196776871, guid: ad42700b52a25426580727fabf679235,
        type: 3}
      propertyPath: m_AnchoredPosition.x
      value: 0
      objectReference: {fileID: 0}
    - target: {fileID: 4951953754196776871, guid: ad42700b52a25426580727fabf679235,
        type: 3}
      propertyPath: m_AnchoredPosition.y
      value: 2
      objectReference: {fileID: 0}
    - target: {fileID: 4951953754196776871, guid: ad42700b52a25426580727fabf679235,
        type: 3}
      propertyPath: m_SizeDelta.x
      value: 160
      objectReference: {fileID: 0}
    - target: {fileID: 4951953754196776871, guid: ad42700b52a25426580727fabf679235,
        type: 3}
      propertyPath: m_SizeDelta.y
      value: 100
      objectReference: {fileID: 0}
    - target: {fileID: 4951953754196776871, guid: ad42700b52a25426580727fabf679235,
        type: 3}
      propertyPath: m_AnchorMin.x
      value: 0
      objectReference: {fileID: 0}
    - target: {fileID: 4951953754196776871, guid: ad42700b52a25426580727fabf679235,
        type: 3}
      propertyPath: m_AnchorMin.y
      value: 0
      objectReference: {fileID: 0}
    - target: {fileID: 4951953754196776871, guid: ad42700b52a25426580727fabf679235,
        type: 3}
      propertyPath: m_AnchorMax.x
      value: 0
      objectReference: {fileID: 0}
    - target: {fileID: 4951953754196776871, guid: ad42700b52a25426580727fabf679235,
        type: 3}
      propertyPath: m_AnchorMax.y
      value: 0
      objectReference: {fileID: 0}
    - target: {fileID: 4951953754196776871, guid: ad42700b52a25426580727fabf679235,
        type: 3}
      propertyPath: m_Pivot.x
      value: 0.5
      objectReference: {fileID: 0}
    - target: {fileID: 4951953754196776871, guid: ad42700b52a25426580727fabf679235,
        type: 3}
      propertyPath: m_Pivot.y
      value: 0.5
      objectReference: {fileID: 0}
    - target: {fileID: 7232671808811006037, guid: ad42700b52a25426580727fabf679235,
        type: 3}
      propertyPath: m_Name
      value: HealthBar
      objectReference: {fileID: 0}
    m_RemovedComponents: []
  m_SourcePrefab: {fileID: 100100000, guid: ad42700b52a25426580727fabf679235, type: 3}
--- !u!224 &1105159196404224319 stripped
RectTransform:
  m_CorrespondingSourceObject: {fileID: 4951953754196776871, guid: ad42700b52a25426580727fabf679235,
    type: 3}
  m_PrefabInstance: {fileID: 5471468776230848152}
  m_PrefabAsset: {fileID: 0}
--- !u!114 &5837435872550790933 stripped
MonoBehaviour:
  m_CorrespondingSourceObject: {fileID: 1939981767463313805, guid: ad42700b52a25426580727fabf679235,
    type: 3}
  m_PrefabInstance: {fileID: 5471468776230848152}
  m_PrefabAsset: {fileID: 0}
  m_GameObject: {fileID: 0}
  m_Enabled: 1
  m_EditorHideFlags: 0
  m_Script: {fileID: 11500000, guid: fe87c0e1cc204ed48ad3b37840f39efc, type: 3}
  m_Name: 
  m_EditorClassIdentifier: 
--- !u!114 &3382183502959995047 stripped
MonoBehaviour:
  m_CorrespondingSourceObject: {fileID: 7278206384229609023, guid: ad42700b52a25426580727fabf679235,
    type: 3}
  m_PrefabInstance: {fileID: 5471468776230848152}
  m_PrefabAsset: {fileID: 0}
  m_GameObject: {fileID: 0}
  m_Enabled: 1
  m_EditorHideFlags: 0
  m_Script: {fileID: 11500000, guid: 5f7201a12d95ffc409449d95f23cf332, type: 3}
  m_Name: 
  m_EditorClassIdentifier: 
--- !u!114 &4721546089763608167 stripped
MonoBehaviour:
  m_CorrespondingSourceObject: {fileID: 750063725412552959, guid: ad42700b52a25426580727fabf679235,
    type: 3}
  m_PrefabInstance: {fileID: 5471468776230848152}
  m_PrefabAsset: {fileID: 0}
  m_GameObject: {fileID: 0}
  m_Enabled: 1
  m_EditorHideFlags: 0
  m_Script: {fileID: 11500000, guid: 5f7201a12d95ffc409449d95f23cf332, type: 3}
  m_Name: 
  m_EditorClassIdentifier: 
--- !u!1001 &7901002463828199145
PrefabInstance:
  m_ObjectHideFlags: 0
  serializedVersion: 2
  m_Modification:
    m_TransformParent: {fileID: 8896114723942516393}
    m_Modifications:
    - target: {fileID: -4216859302048453862, guid: d8ff8f9649a82e14791d960a0a17f1e4,
        type: 3}
      propertyPath: m_LocalPosition.x
      value: -0.088854596
      objectReference: {fileID: 0}
    - target: {fileID: -4216859302048453862, guid: d8ff8f9649a82e14791d960a0a17f1e4,
        type: 3}
      propertyPath: m_LocalPosition.y
      value: 0.030732993
      objectReference: {fileID: 0}
    - target: {fileID: -4216859302048453862, guid: d8ff8f9649a82e14791d960a0a17f1e4,
        type: 3}
      propertyPath: m_LocalPosition.z
      value: -0.122968554
      objectReference: {fileID: 0}
    - target: {fileID: -4216859302048453862, guid: d8ff8f9649a82e14791d960a0a17f1e4,
        type: 3}
      propertyPath: m_LocalRotation.x
      value: 0.34839362
      objectReference: {fileID: 0}
    - target: {fileID: -4216859302048453862, guid: d8ff8f9649a82e14791d960a0a17f1e4,
        type: 3}
      propertyPath: m_LocalRotation.y
      value: 0.6231598
      objectReference: {fileID: 0}
    - target: {fileID: -4216859302048453862, guid: d8ff8f9649a82e14791d960a0a17f1e4,
        type: 3}
      propertyPath: m_LocalRotation.z
      value: -0.33362302
      objectReference: {fileID: 0}
    - target: {fileID: -4216859302048453862, guid: d8ff8f9649a82e14791d960a0a17f1e4,
        type: 3}
      propertyPath: m_LocalRotation.w
      value: -0.6156212
      objectReference: {fileID: 0}
    - target: {fileID: -4216859302048453862, guid: d8ff8f9649a82e14791d960a0a17f1e4,
        type: 3}
      propertyPath: m_RootOrder
      value: 4
      objectReference: {fileID: 0}
    - target: {fileID: -4216859302048453862, guid: d8ff8f9649a82e14791d960a0a17f1e4,
        type: 3}
      propertyPath: m_LocalEulerAnglesHint.x
      value: 0
      objectReference: {fileID: 0}
    - target: {fileID: -4216859302048453862, guid: d8ff8f9649a82e14791d960a0a17f1e4,
        type: 3}
      propertyPath: m_LocalEulerAnglesHint.y
      value: 90
      objectReference: {fileID: 0}
    - target: {fileID: -4216859302048453862, guid: d8ff8f9649a82e14791d960a0a17f1e4,
        type: 3}
      propertyPath: m_LocalEulerAnglesHint.z
      value: 60
      objectReference: {fileID: 0}
    - target: {fileID: -4216859302048453862, guid: d8ff8f9649a82e14791d960a0a17f1e4,
        type: 3}
      propertyPath: m_LocalScale.x
      value: 0.013903608
      objectReference: {fileID: 0}
    - target: {fileID: -4216859302048453862, guid: d8ff8f9649a82e14791d960a0a17f1e4,
        type: 3}
      propertyPath: m_LocalScale.y
      value: 0.012896237
      objectReference: {fileID: 0}
    - target: {fileID: -4216859302048453862, guid: d8ff8f9649a82e14791d960a0a17f1e4,
        type: 3}
      propertyPath: m_LocalScale.z
      value: 0.012499995
      objectReference: {fileID: 0}
    - target: {fileID: -927199367670048503, guid: d8ff8f9649a82e14791d960a0a17f1e4,
        type: 3}
      propertyPath: m_Name
      value: ColtM4
      objectReference: {fileID: 0}
    - target: {fileID: -927199367670048503, guid: d8ff8f9649a82e14791d960a0a17f1e4,
        type: 3}
      propertyPath: m_IsActive
      value: 0
      objectReference: {fileID: 0}
    - target: {fileID: -5716681864270162303, guid: d8ff8f9649a82e14791d960a0a17f1e4,
        type: 3}
      propertyPath: m_Enabled
      value: 1
      objectReference: {fileID: 0}
    - target: {fileID: -5716681864270162303, guid: d8ff8f9649a82e14791d960a0a17f1e4,
        type: 3}
      propertyPath: m_PlayAutomatically
      value: 0
      objectReference: {fileID: 0}
    m_RemovedComponents: []
  m_SourcePrefab: {fileID: 100100000, guid: d8ff8f9649a82e14791d960a0a17f1e4, type: 3}
--- !u!1001 &7911663002721658117
PrefabInstance:
  m_ObjectHideFlags: 0
  serializedVersion: 2
  m_Modification:
    m_TransformParent: {fileID: 8896114723942516393}
    m_Modifications:
    - target: {fileID: 6156931793246820529, guid: 37f2456ec6294450cbb5e8bb00815c06,
        type: 3}
      propertyPath: m_LocalPosition.x
      value: -0.166
      objectReference: {fileID: 0}
    - target: {fileID: 6156931793246820529, guid: 37f2456ec6294450cbb5e8bb00815c06,
        type: 3}
      propertyPath: m_LocalPosition.y
      value: 0.038
      objectReference: {fileID: 0}
    - target: {fileID: 6156931793246820529, guid: 37f2456ec6294450cbb5e8bb00815c06,
        type: 3}
      propertyPath: m_LocalPosition.z
      value: -0.103
      objectReference: {fileID: 0}
    - target: {fileID: 6156931793246820529, guid: 37f2456ec6294450cbb5e8bb00815c06,
        type: 3}
      propertyPath: m_LocalRotation.x
      value: 0.34839362
      objectReference: {fileID: 0}
    - target: {fileID: 6156931793246820529, guid: 37f2456ec6294450cbb5e8bb00815c06,
        type: 3}
      propertyPath: m_LocalRotation.y
      value: 0.6231598
      objectReference: {fileID: 0}
    - target: {fileID: 6156931793246820529, guid: 37f2456ec6294450cbb5e8bb00815c06,
        type: 3}
      propertyPath: m_LocalRotation.z
      value: -0.33362302
      objectReference: {fileID: 0}
    - target: {fileID: 6156931793246820529, guid: 37f2456ec6294450cbb5e8bb00815c06,
        type: 3}
      propertyPath: m_LocalRotation.w
      value: -0.6156212
      objectReference: {fileID: 0}
    - target: {fileID: 6156931793246820529, guid: 37f2456ec6294450cbb5e8bb00815c06,
        type: 3}
      propertyPath: m_RootOrder
      value: 6
      objectReference: {fileID: 0}
    - target: {fileID: 6156931793246820529, guid: 37f2456ec6294450cbb5e8bb00815c06,
        type: 3}
      propertyPath: m_LocalEulerAnglesHint.x
      value: 0
      objectReference: {fileID: 0}
    - target: {fileID: 6156931793246820529, guid: 37f2456ec6294450cbb5e8bb00815c06,
        type: 3}
      propertyPath: m_LocalEulerAnglesHint.y
      value: 90
      objectReference: {fileID: 0}
    - target: {fileID: 6156931793246820529, guid: 37f2456ec6294450cbb5e8bb00815c06,
        type: 3}
      propertyPath: m_LocalEulerAnglesHint.z
      value: 60
      objectReference: {fileID: 0}
    - target: {fileID: 6156931793246820529, guid: 37f2456ec6294450cbb5e8bb00815c06,
        type: 3}
      propertyPath: m_LocalScale.x
      value: 0.02224577
      objectReference: {fileID: 0}
    - target: {fileID: 6156931793246820529, guid: 37f2456ec6294450cbb5e8bb00815c06,
        type: 3}
      propertyPath: m_LocalScale.y
      value: 0.020633975
      objectReference: {fileID: 0}
    - target: {fileID: 6156931793246820529, guid: 37f2456ec6294450cbb5e8bb00815c06,
        type: 3}
      propertyPath: m_LocalScale.z
      value: 0.012499995
      objectReference: {fileID: 0}
    - target: {fileID: 7145674394912680610, guid: 37f2456ec6294450cbb5e8bb00815c06,
        type: 3}
      propertyPath: m_Name
      value: Shotgun Variant
      objectReference: {fileID: 0}
    - target: {fileID: 2351195901614286122, guid: 37f2456ec6294450cbb5e8bb00815c06,
        type: 3}
      propertyPath: m_PlayAutomatically
      value: 0
      objectReference: {fileID: 0}
    m_RemovedComponents: []
  m_SourcePrefab: {fileID: 100100000, guid: 37f2456ec6294450cbb5e8bb00815c06, type: 3}
--- !u!1 &1072233388511645607 stripped
GameObject:
  m_CorrespondingSourceObject: {fileID: 7145674394912680610, guid: 37f2456ec6294450cbb5e8bb00815c06,
    type: 3}
  m_PrefabInstance: {fileID: 7911663002721658117}
  m_PrefabAsset: {fileID: 0}
--- !u!1001 &8313260226042828269
PrefabInstance:
  m_ObjectHideFlags: 0
  serializedVersion: 2
  m_Modification:
    m_TransformParent: {fileID: 8896114723942516393}
    m_Modifications:
    - target: {fileID: 5093249795139485138, guid: 959e9c67edf8142dcb5a18df9e11954f,
        type: 3}
      propertyPath: m_LocalPosition.x
      value: 0.0107
      objectReference: {fileID: 0}
    - target: {fileID: 5093249795139485138, guid: 959e9c67edf8142dcb5a18df9e11954f,
        type: 3}
      propertyPath: m_LocalPosition.y
      value: -0.0106
      objectReference: {fileID: 0}
    - target: {fileID: 5093249795139485138, guid: 959e9c67edf8142dcb5a18df9e11954f,
        type: 3}
      propertyPath: m_LocalPosition.z
      value: -0.0446
      objectReference: {fileID: 0}
    - target: {fileID: 5093249795139485138, guid: 959e9c67edf8142dcb5a18df9e11954f,
        type: 3}
      propertyPath: m_LocalRotation.x
      value: 0.34839362
      objectReference: {fileID: 0}
    - target: {fileID: 5093249795139485138, guid: 959e9c67edf8142dcb5a18df9e11954f,
        type: 3}
      propertyPath: m_LocalRotation.y
      value: 0.6231598
      objectReference: {fileID: 0}
    - target: {fileID: 5093249795139485138, guid: 959e9c67edf8142dcb5a18df9e11954f,
        type: 3}
      propertyPath: m_LocalRotation.z
      value: -0.33362302
      objectReference: {fileID: 0}
    - target: {fileID: 5093249795139485138, guid: 959e9c67edf8142dcb5a18df9e11954f,
        type: 3}
      propertyPath: m_LocalRotation.w
      value: -0.6156212
      objectReference: {fileID: 0}
    - target: {fileID: 5093249795139485138, guid: 959e9c67edf8142dcb5a18df9e11954f,
        type: 3}
      propertyPath: m_RootOrder
      value: 5
      objectReference: {fileID: 0}
    - target: {fileID: 5093249795139485138, guid: 959e9c67edf8142dcb5a18df9e11954f,
        type: 3}
      propertyPath: m_LocalEulerAnglesHint.x
      value: 0
      objectReference: {fileID: 0}
    - target: {fileID: 5093249795139485138, guid: 959e9c67edf8142dcb5a18df9e11954f,
        type: 3}
      propertyPath: m_LocalEulerAnglesHint.y
      value: 90
      objectReference: {fileID: 0}
    - target: {fileID: 5093249795139485138, guid: 959e9c67edf8142dcb5a18df9e11954f,
        type: 3}
      propertyPath: m_LocalEulerAnglesHint.z
      value: 60
      objectReference: {fileID: 0}
    - target: {fileID: 5093249795139485138, guid: 959e9c67edf8142dcb5a18df9e11954f,
        type: 3}
      propertyPath: m_LocalScale.x
      value: 0.027807215
      objectReference: {fileID: 0}
    - target: {fileID: 5093249795139485138, guid: 959e9c67edf8142dcb5a18df9e11954f,
        type: 3}
      propertyPath: m_LocalScale.y
      value: 0.025792474
      objectReference: {fileID: 0}
    - target: {fileID: 5093249795139485138, guid: 959e9c67edf8142dcb5a18df9e11954f,
        type: 3}
      propertyPath: m_LocalScale.z
      value: 0.02499999
      objectReference: {fileID: 0}
    - target: {fileID: 8139555306071412673, guid: 959e9c67edf8142dcb5a18df9e11954f,
        type: 3}
      propertyPath: m_Name
      value: Gatling Variant
      objectReference: {fileID: 0}
    - target: {fileID: 8139555306071412673, guid: 959e9c67edf8142dcb5a18df9e11954f,
        type: 3}
      propertyPath: m_IsActive
      value: 0
      objectReference: {fileID: 0}
    - target: {fileID: 3710450814658363465, guid: 959e9c67edf8142dcb5a18df9e11954f,
        type: 3}
      propertyPath: m_PlayAutomatically
      value: 0
      objectReference: {fileID: 0}
    m_RemovedComponents: []
  m_SourcePrefab: {fileID: 100100000, guid: 959e9c67edf8142dcb5a18df9e11954f, type: 3}
--- !u!1001 &8891287520288926803
PrefabInstance:
  m_ObjectHideFlags: 0
  serializedVersion: 2
  m_Modification:
    m_TransformParent: {fileID: 6597219132281106210}
    m_Modifications:
    - target: {fileID: 4427613559659150, guid: e7965cb5f3b6b49439772edd4131b2b0, type: 3}
      propertyPath: m_LocalPosition.x
      value: 0
      objectReference: {fileID: 0}
    - target: {fileID: 4427613559659150, guid: e7965cb5f3b6b49439772edd4131b2b0, type: 3}
      propertyPath: m_LocalPosition.y
      value: -0.54700005
      objectReference: {fileID: 0}
    - target: {fileID: 4427613559659150, guid: e7965cb5f3b6b49439772edd4131b2b0, type: 3}
      propertyPath: m_LocalPosition.z
      value: 0.11111103
      objectReference: {fileID: 0}
    - target: {fileID: 4427613559659150, guid: e7965cb5f3b6b49439772edd4131b2b0, type: 3}
      propertyPath: m_LocalRotation.x
      value: -0
      objectReference: {fileID: 0}
    - target: {fileID: 4427613559659150, guid: e7965cb5f3b6b49439772edd4131b2b0, type: 3}
      propertyPath: m_LocalRotation.y
      value: -0
      objectReference: {fileID: 0}
    - target: {fileID: 4427613559659150, guid: e7965cb5f3b6b49439772edd4131b2b0, type: 3}
      propertyPath: m_LocalRotation.z
      value: -0
      objectReference: {fileID: 0}
    - target: {fileID: 4427613559659150, guid: e7965cb5f3b6b49439772edd4131b2b0, type: 3}
      propertyPath: m_LocalRotation.w
      value: 1
      objectReference: {fileID: 0}
    - target: {fileID: 4427613559659150, guid: e7965cb5f3b6b49439772edd4131b2b0, type: 3}
      propertyPath: m_RootOrder
      value: 1
      objectReference: {fileID: 0}
    - target: {fileID: 4427613559659150, guid: e7965cb5f3b6b49439772edd4131b2b0, type: 3}
      propertyPath: m_LocalEulerAnglesHint.x
      value: 0
      objectReference: {fileID: 0}
    - target: {fileID: 4427613559659150, guid: e7965cb5f3b6b49439772edd4131b2b0, type: 3}
      propertyPath: m_LocalEulerAnglesHint.y
      value: 0
      objectReference: {fileID: 0}
    - target: {fileID: 4427613559659150, guid: e7965cb5f3b6b49439772edd4131b2b0, type: 3}
      propertyPath: m_LocalEulerAnglesHint.z
      value: 0
      objectReference: {fileID: 0}
    - target: {fileID: 4427613559659150, guid: e7965cb5f3b6b49439772edd4131b2b0, type: 3}
      propertyPath: m_LocalScale.x
      value: 4
      objectReference: {fileID: 0}
    - target: {fileID: 4427613559659150, guid: e7965cb5f3b6b49439772edd4131b2b0, type: 3}
      propertyPath: m_LocalScale.y
      value: 4
      objectReference: {fileID: 0}
    - target: {fileID: 4427613559659150, guid: e7965cb5f3b6b49439772edd4131b2b0, type: 3}
      propertyPath: m_LocalScale.z
      value: 4
      objectReference: {fileID: 0}
    - target: {fileID: 1112338128624330, guid: e7965cb5f3b6b49439772edd4131b2b0, type: 3}
      propertyPath: m_Name
      value: space_man_model
      objectReference: {fileID: 0}
    - target: {fileID: 1564116233932463982, guid: e7965cb5f3b6b49439772edd4131b2b0,
        type: 3}
      propertyPath: m_IsActive
      value: 0
      objectReference: {fileID: 0}
    m_RemovedComponents: []
  m_SourcePrefab: {fileID: 100100000, guid: e7965cb5f3b6b49439772edd4131b2b0, type: 3}
--- !u!1 &8892288530649822873 stripped
GameObject:
  m_CorrespondingSourceObject: {fileID: 1112338128624330, guid: e7965cb5f3b6b49439772edd4131b2b0,
    type: 3}
  m_PrefabInstance: {fileID: 8891287520288926803}
  m_PrefabAsset: {fileID: 0}
--- !u!4 &8893351424361133789 stripped
Transform:
  m_CorrespondingSourceObject: {fileID: 4427613559659150, guid: e7965cb5f3b6b49439772edd4131b2b0,
    type: 3}
  m_PrefabInstance: {fileID: 8891287520288926803}
  m_PrefabAsset: {fileID: 0}
--- !u!95 &8806203825195159381 stripped
Animator:
  m_CorrespondingSourceObject: {fileID: 95096058574463750, guid: e7965cb5f3b6b49439772edd4131b2b0,
    type: 3}
  m_PrefabInstance: {fileID: 8891287520288926803}
  m_PrefabAsset: {fileID: 0}
--- !u!4 &8896114723942516393 stripped
Transform:
  m_CorrespondingSourceObject: {fileID: 4903621927381754, guid: e7965cb5f3b6b49439772edd4131b2b0,
    type: 3}
  m_PrefabInstance: {fileID: 8891287520288926803}
  m_PrefabAsset: {fileID: 0}
